@article{
    learning_comparison_2021,
    title = {Large-scale empirical validation of Bayesian Network structure learning algorithms with noisy data},
    author = {Anthony C. Constantinou and Yang Liu and Kiattikun Chobtham and Zhigao Guo and Neville K. Kitson},
    year = {2021},
    journal = {International Journal of Approximate Reasoning},
    volume = {131},
    pages = {151-188},
    issn = {0888-613X},
    doi = {https://doi.org/10.1016/j.ijar.2021.01.001},
}